@article{TCS-054,
url = {http://dx.doi.org/10.1561/0400000054},
year = {2013},
volume = {8},
journal = {Foundations and Trends® in Theoretical Computer Science},
title = {Lx = b},
doi = {10.1561/0400000054},
issn = {1551-305X},
number = {1–2},
pages = {1-141},
author = {Nisheeth K. Vishnoi}
}